<record><leader>00000cas a22000007a 4500</leader><controlfield tag="001">10899500</controlfield><controlfield tag="008">840629d18271834nhuwr ne      0    0eng d</controlfield><datafield ind1=" " ind2=" " tag="010"><subfield code="a">sn 84023628 </subfield></datafield><datafield ind1=" " ind2=" " tag="040"><subfield code="a">AQM</subfield><subfield code="b">eng</subfield><subfield code="c">AQM</subfield><subfield code="d">OCLCQ</subfield><subfield code="d">DLC</subfield><subfield code="d">OCLCQ</subfield></datafield><datafield ind1=" " ind2=" " tag="042"><subfield code="a">msc</subfield></datafield><datafield ind1="0" ind2="0" tag="050"><subfield code="a">Newspaper 8701-X</subfield></datafield><datafield ind1="0" ind2=" " tag="130"><subfield code="a">Farmers' museum (Walpole, N.H. : 1827)</subfield></datafield><datafield ind1="1" ind2="0" tag="245"><subfield code="a">Farmer's museum.</subfield></datafield><datafield ind1=" " ind2=" " tag="260"><subfield code="a">Walpole, N.H. :</subfield><subfield code="b">A. Godfrey</subfield></datafield><datafield ind1=" " ind2=" " tag="300"><subfield code="a">v. ;</subfield><subfield code="c">54 cm.</subfield></datafield><datafield ind1=" " ind2=" " tag="310"><subfield code="a">Weekly</subfield></datafield><datafield ind1="1" ind2=" " tag="362"><subfield code="a">Began with Sept. 14, 1827 issue; ceased with Sept. 26, 1834 issue.</subfield><subfield code="z">Cf. Amer. newspapers, 1821-1936.</subfield></datafield><datafield ind1=" " ind2=" " tag="500"><subfield code="a">Published every Friday.</subfield></datafield><datafield ind1=" " ind2=" " tag="500"><subfield code="a">Published at Keene, N.H., 1828-1834. Cf. Amer. newspapers, 1821-1936.</subfield></datafield><datafield ind1=" " ind2=" " tag="500"><subfield code="a">Publishers: Godfrey &amp; Stone, 1828; N. Stone, 1828-1834.</subfield></datafield><datafield ind1=" " ind2=" " tag="588"><subfield code="a">Description based on: Vol. 1, no. 3 (Sept. 28, 1827).</subfield></datafield><datafield ind1=" " ind2="7" tag="655"><subfield code="a">Agricultural newspapers.</subfield><subfield code="2">ngl</subfield></datafield><datafield ind1=" " ind2=" " tag="752"><subfield code="a">United States</subfield><subfield code="b">New Hampshire</subfield><subfield code="c">Cheshire</subfield><subfield code="d">Keene.</subfield></datafield><datafield ind1=" " ind2=" " tag="752"><subfield code="a">United States</subfield><subfield code="b">New Hampshire</subfield><subfield code="c">Cheshire</subfield><subfield code="d">Walpole.</subfield></datafield><datafield ind1="0" ind2="0" tag="785"><subfield code="t">Cheshire County Republican and farmers' museum</subfield><subfield code="w">(DLC)sn 84023629</subfield><subfield code="w">(OCoLC)10899540</subfield></datafield><datafield ind1="1" ind2=" " tag="029"><subfield code="a">AU@</subfield><subfield code="b">000025826027</subfield></datafield></record>